@article{szarnyas2018train,
	title={The Train Benchmark: cross-technology performance evaluation of continuous model queries},
	author={Sz{\'a}rnyas, G{\'a}bor and Izs{\'o}, Benedek and R{\'a}th, Istv{\'a}n and Varr{\'o}, D{\'a}niel},
	journal={Software \& Systems Modeling},
	volume={17},
	number={4},
	pages={1365--1393},
	year={2018},
	publisher={Springer}
}
@article{semerath2017formal,
	title={Formal validation of domain-specific languages with derived features and well-formedness constraints},
	author={Semer{\'a}th, Oszk{\'a}r and Barta, {\'A}gnes and Horv{\'a}th, {\'A}kos and Szatm{\'a}ri, Zolt{\'a}n and Varr{\'o}, D{\'a}niel},
	journal={Software \& Systems Modeling},
	volume={16},
	number={2},
	pages={357--392},
	year={2017},
	publisher={Springer}
}
@misc{neo4j_leiras,
	 title={The Neo4j Graph Platform},
	 url={https://neo4j.com/product/},
	 journal={Neo4j Graph Database Platform}
}
@inproceedings{marton2017model,
	title={Model-driven engineering of an opencypher engine: Using graph queries to compile graph queries},
	author={Marton, J{\'o}zsef and Sz{\'a}rnyas, G{\'a}bor and B{\'u}r, M{\'a}rton},
	booktitle={International SDL Forum},
	pages={80--98},
	year={2017},
	organization={Springer}
}

@misc{xText,
	title={Why Xtext?},
	url={https://www.eclipse.org/Xtext/#feature-overview},
	journal={Xtext - Language Engineering Made Easy!},
	author={Efftinge, Sven and Spoenemann, Miro}
}

@misc{neo4j, 
	title={The Neo4j Graph Platform â€“ The \url{\#}1 Platform for Connected Data},
	url={https://neo4j.com/},
	journal={Neo4j Graph Database Platform},
	author={16, 2018 October and 15, 2018 October}
}
@misc{orientdb,
	title={Graph Database | Multi-Model Database},
	url={https://orientdb.com/},
	journal={OrientDB}
}
@misc{sparksee,
	title={High-performance human solutions for Extreme Data},
	url={http://sparsity-technologies.com/#sparksee},
	journal={Sparsity-technologies: Sparksee high-performance graph database}
}

@misc{Cypher,
	title={Neo4j's Graph Query Language: An Introduction to Cypher},
	url={https://neo4j.com/developer/cypher-query-language/},
	journal={Neo4j Graph Database Platform}
}
@misc{EMF,
	title={Eclipse Modeling Framework (EMF)},
	url={https://www.eclipse.org/modeling/emf/},
	journal={Eclipse Modeling Project | The Eclipse Foundation},
	author={Gronback, Richard}
}
@misc{slizaa_2018,
	title={slizaa/slizaa-opencypher-xtext},
	url={https://github.com/slizaa/slizaa-opencypher-xtext},
	journal={GitHub},
	author={Slizaa},
	year={2018},
	month={Aug}
}

@misc{viatra,
	title={Scalable reactive model transformations},
	url={https://www.eclipse.org/viatra/},
	journal={Viatra - Scalable reactive model transformations}
}

@misc{viatrasolver,
	title={viatra/VIATRA-Generator},
	url={https://github.com/viatra/VIATRA-Generator},
	journal={GitHub},
	author={Viatra},
	year={2018},
	month={Oct}
}

@misc{oracle,
	title={Oracle Database Technologies},
	url={https://www.oracle.com/database/technologies/index.html},
	journal={Database Technologies | Oracle Database}
}

@inproceedings{semerath2018iterative,
	title={Iterative generation of diverse models for testing specifications of dsl tools},
	author={Semer{\'a}th, Oszk{\'a}r and Varr{\'o}, D{\'a}niel},
	booktitle={International Conference on Fundamental Approaches to Software Engineering},
	pages={227--245},
	year={2018},
	organization={Springer}
}

@book{burnstein2006practical,
	title={Practical software testing: a process-oriented approach},
	author={Burnstein, Ilene},
	year={2006},
	publisher={Springer Science \& Business Media}
}

@article{aranega2015towards,
	title={Towards an automation of the mutation analysis dedicated to model transformation},
	author={Aranega, Vincent and Mottu, Jean-Marie and Etien, Anne and Degueule, Thomas and Baudry, Benoit and Dekeyser, Jean-Luc},
	journal={Software Testing, Verification and Reliability},
	volume={25},
	number={5-7},
	pages={653--683},
	year={2015},
	publisher={Wiley Online Library}
}

@article{darabos2008towards,
	title={Towards testing the implementation of graph transformations},
	author={Darabos, Andrea and Pataricza, Andr{\'a}s and Varr{\'o}, D{\'a}niel},
	journal={Electronic Notes in Theoretical Computer Science},
	volume={211},
	pages={75--85},
	year={2008},
	publisher={Elsevier}
}

@inproceedings{brottier2006metamodel,
	title={Metamodel-based test generation for model transformations: an algorithm and a tool},
	author={Brottier, Erwan and Fleurey, Franck and Steel, Jim and Baudry, Benoit and Le Traon, Yves},
	booktitle={Software Reliability Engineering, 2006. ISSRE'06. 17th International Symposium on},
	pages={85--94},
	year={2006},
	organization={IEEE}
}

@article{ehrig2009generating,
	title={Generating instance models from meta models},
	author={Ehrig, Karsten and K{\"u}ster, Jochen Malte and Taentzer, Gabriele},
	journal={Software \& Systems Modeling},
	volume={8},
	number={4},
	pages={479--500},
	year={2009},
	publisher={Springer}
}

@inproceedings{bordbar2005uml2alloy,
	title={UML2ALLOY: A tool for lightweight modelling of discrete event systems.},
	author={Bordbar, Behzad and Anastasakis, Kyriakos},
	booktitle={IADIS AC},
	pages={209--216},
	year={2005}
}

@inproceedings{buttner2012verification,
	title={Verification of ATL transformations using transformation models and model finders},
	author={B{\"u}ttner, Fabian and Egea, Marina and Cabot, Jordi and Gogolla, Martin},
	booktitle={International Conference on Formal Engineering Methods},
	pages={198--213},
	year={2012},
	organization={Springer}
}

@article{fleurey2007towards,
	title={Towards dependable model transformations: Qualifying input test data},
	author={Fleurey, Franck and Baudry, Benoit and Muller, Pierre-Alain and Le Traon, Yves},
	journal={Journal of Software and Systems Modeling (SoSyM)},
	year={2007}
}

@inproceedings{myint2018test,
	title={Test case reduction based on the join condition in pairwise coverage-based database testing},
	author={Myint, Yuper Lay and Washizaki, Hironori and Fukazawa, Yoshiaki and Kanuka, Hideyuki and Ohbayashi, Hiroki},
	booktitle={2018 IEEE International Conference on Software Testing, Verification and Validation Workshops (ICSTW)},
	pages={239--243},
	year={2018},
	organization={IEEE}
}

@inproceedings{yan2018snowtrail,
	title={Snowtrail: Testing with Production Queries on a Cloud Database},
	author={Yan, Jiaqi and Jin, Qiuye and Jain, Shrainik and Viglas, Stratis D and Lee, Allison},
	booktitle={Proceedings of the Workshop on Testing Database Systems},
	pages={4},
	year={2018},
	organization={ACM}
}

@inproceedings{tuya2006sqlmutation,
	title={SQLMutation: A tool to generate mutants of SQL database queries},
	author={Tuya, Javier and Suarez-Cabal, Ma Jose and De La Riva, Claudio},
	booktitle={Mutation Analysis, 2006. Second Workshop on},
	pages={1--1},
	year={2006},
	organization={IEEE}
}

@article{SuarezCabal,
	author = {Su\'{a}rez-Cabal, Mar\'{\i}a Jos{\'e} and Tuya, Javier},
	title = {Using an SQL Coverage Measurement for Testing Database Applications},
	journal = {SIGSOFT Softw. Eng. Notes},
	issue_date = {November 2004},
	volume = {29},
	number = {6},
	month = oct,
	year = {2004},
	issn = {0163-5948},
	pages = {253--262},
	numpages = {10},
	url = {http://doi.acm.org/10.1145/1041685.1029929},
	doi = {10.1145/1041685.1029929},
	acmid = {1029929},
	publisher = {ACM},
	address = {New York, NY, USA},
	keywords = {SQL testing, database testing, software testing, statement coverage, verification and validation},
} 

@inproceedings{DBLP,
	author    = {Man{-}yee Chan and
	Shing{-}Chi Cheung},
	title     = {Testing Database Applications with {SQL} Semantics},
	booktitle = {{CODAS}},
	pages     = {364--376},
	year      = {1999},
	timestamp = {Thu, 03 Jan 2002 11:55:26 +0100},
	biburl    = {https://dblp.org/rec/bib/conf/codas/ChanC99},
	bibsource = {dblp computer science bibliography, https://dblp.org}
}

@inproceedings{DBLP:conf,
	author    = {Shadi Abdul Khalek and
	Sarfraz Khurshid},
	title     = {Automated {SQL} query generation for systematic testing of database
	engines},
	booktitle = {{ASE} 2010, 25th {IEEE/ACM} International Conference on Automated
	Software Engineering, Antwerp, Belgium, September 20-24, 2010},
	pages     = {329--332},
	year      = {2010},
	url       = {http://doi.acm.org/10.1145/1858996.1859063},
	doi       = {10.1145/1858996.1859063},
	timestamp = {Thu, 23 Jun 2016 15:53:27 +0200},
	biburl    = {https://dblp.org/rec/bib/conf/kbse/KhalekK10},
	bibsource = {dblp computer science bibliography, https://dblp.org}
}

@article{Alloy:Language,
	author = {Daniel Jackson},
	title = {Alloy: a lightweight object modelling notation},
	journal = {ACM Trans. Softw. Eng. Methodol.},
	volume = {11},
	number = {2},
	year = {2002},
	pages = {256-290},
	url_paper = {pubs/2002/alloy-journal.pdf}
}
@incollection{alloy:kodkod,
	title={Kodkod: A relational model finder},
	author={Torlak, Emina and Jackson, Daniel},
	booktitle={Tools and Algorithms for the Construction and Analysis of Systems},
	pages={632--647},
	year={2007},
	publisher={Springer}
}

