@inproceedings{DBLP:conf/sdl/MartonSB17,
  author    = {J{\'{o}}zsef Marton and
               G{\'{a}}bor Sz{\'{a}}rnyas and
               M{\'{a}}rton B{\'{u}}r},
  title     = {Model-Driven Engineering of an OpenCypher Engine: Using Graph Queries
               to Compile Graph Queries},
  booktitle = {{SDL} Forum},
  series    = {Lecture Notes in Computer Science},
  volume    = {10567},
  pages     = {80--98},
  publisher = {Springer},
  year      = {2017}
}

